%YAML 1.1
%TAG !u! tag:unity3d.com,2011:
--- !u!1001 &100100000
Prefab:
  m_ObjectHideFlags: 1
  serializedVersion: 2
  m_Modification:
    m_TransformParent: {fileID: 0}
    m_Modifications: []
    m_RemovedComponents: []
  m_ParentPrefab: {fileID: 0}
  m_RootGameObject: {fileID: 1420252234650568}
  m_IsPrefabParent: 1
--- !u!1 &1420252234650568
GameObject:
  m_ObjectHideFlags: 0
  m_PrefabParentObject: {fileID: 0}
  m_PrefabInternal: {fileID: 100100000}
  serializedVersion: 5
  m_Component:
  - component: {fileID: 4784636601012118}
  - component: {fileID: 114321440998652010}
  - component: {fileID: 114169083160979030}
  m_Layer: 0
  m_Name: Input Manager
  m_TagString: Untagged
  m_Icon: {fileID: 0}
  m_NavMeshLayer: 0
  m_StaticEditorFlags: 0
  m_IsActive: 1
--- !u!4 &4784636601012118
Transform:
  m_ObjectHideFlags: 1
  m_PrefabParentObject: {fileID: 0}
  m_PrefabInternal: {fileID: 100100000}
  m_GameObject: {fileID: 1420252234650568}
  m_LocalRotation: {x: 0, y: 0, z: 0, w: 1}
  m_LocalPosition: {x: 0.009803534, y: 1.3424702, z: 0.26224115}
  m_LocalScale: {x: 1, y: 1, z: 1}
  m_Children: []
  m_Father: {fileID: 0}
  m_RootOrder: 0
  m_LocalEulerAnglesHint: {x: 0, y: 0, z: 0}
--- !u!114 &114169083160979030
MonoBehaviour:
  m_ObjectHideFlags: 1
  m_PrefabParentObject: {fileID: 0}
  m_PrefabInternal: {fileID: 100100000}
  m_GameObject: {fileID: 1420252234650568}
  m_Enabled: 1
  m_EditorHideFlags: 0
  m_Script: {fileID: 11500000, guid: 41bdf3f782b96d643be8198a098a7519, type: 3}
  m_Name: 
  m_EditorClassIdentifier: 
  restPos: {fileID: 0}
  slingBody: {fileID: 0}
  ballPrefab: {fileID: 1011855353738960, guid: 77cfd2c946d257b42ae0632d330e5963, type: 2}
  slingShot: {fileID: 0}
--- !u!114 &114321440998652010
MonoBehaviour:
  m_ObjectHideFlags: 1
  m_PrefabParentObject: {fileID: 0}
  m_PrefabInternal: {fileID: 100100000}
  m_GameObject: {fileID: 1420252234650568}
  m_Enabled: 1
  m_EditorHideFlags: 0
  m_Script: {fileID: 11500000, guid: f836b4051c673a74b9fa858042995d66, type: 3}
  m_Name: 
  m_EditorClassIdentifier: 
  xAngleMul: 0.4
  yAngleMul: 0.3
  stretchVal: 0
  bShoot: 0
  bIsStrecthing: 0
  bAllowInput: 1
  allowShoot: 0
  bCanRotateSling: 0
